<?xml version="1.0" encoding="UTF-8"?><record xmlns="http://www.loc.gov/MARC21/slim" xmlns:cinclude="http://apache.org/cocoon/include/1.0" xmlns:zs="http://www.loc.gov/zing/srw/">
  <leader>00432nz  a2200133n  4500</leader>
  <controlfield tag="001">no2006033214</controlfield>
  <controlfield tag="003">DLC</controlfield>
  <controlfield tag="005">20060401071042.0</controlfield>
  <controlfield tag="008">060322n| acannaabn          |n aaa     c</controlfield>
  <datafield tag="010" ind1=" " ind2=" ">
    <subfield code="a">no2006033214</subfield>
  </datafield>
  <datafield tag="035" ind1=" " ind2=" ">
    <subfield code="a">(OCoLC)oca06899134</subfield>
  </datafield>
  <datafield tag="040" ind1=" " ind2=" ">
    <subfield code="a">MH-P</subfield>
    <subfield code="b">eng</subfield>
    <subfield code="c">MH-P</subfield>
  </datafield>
  <datafield tag="100" ind1="1" ind2=" ">
    <subfield code="a">Quitmyer, Irvy R.</subfield>
  </datafield>
  <datafield tag="670" ind1=" " ind2=" ">
    <subfield code="a">Archeological investigations at 9 McI 41, Harris Neck National Wildlife Refuge, McIntosh County, Georgia, 1986:</subfield>
    <subfield code="b">t.p. (Irvy R. Quitmyer)</subfield>
  </datafield>
</record>